
@INPROCEEDINGS{jorgensen:07,
  author = {Jorgensen, Fredrik},
  title = {The Effects of Disfluency Detection in Parsing Spoken Language},
  booktitle = {Proceedings of the 16th Nordic Conference of Computational Linguistics
      {NODALIDA}-2007},
  year = {2007},
  editor = {Joakim Nivre and Heiki-Jaan Kaalep and Kadri Muischnek and Mare Koit},
  pages = {240-244},
}

@InProceedings{rasooli:13,
  author    = {Rasooli, Mohammad Sadegh  and  Tetreault, Joel},
  title     = {Joint Parsing and Disfluency Detection in Linear Time},
  booktitle = {Proceedings of the 2013 Conference on Empirical Methods in Natural Language Processing},
  month     = {October},
  year      = {2013},
  address   = {Seattle, Washington, USA},
  publisher = {Association for Computational Linguistics},
  pages     = {124--129},
}

@InProceedings{riezler:02,
  author    = {Stefan Riezler  and  Tracy H. King  and  Ronald M. Kaplan  and  Richard Crouch  and  John T. III Maxwell  and  Mark Johnson},
  title     = {Parsing the Wall Street Journal using a Lexical-Functional Grammar and Discriminative Estimation Techniques},
  booktitle = {Proceedings of 40th Annual Meeting of the Association for Computational Linguistics},
  month     = {July},
  year      = {2002},
  address   = {Philadelphia, Pennsylvania, USA},
  publisher = {Association for Computational Linguistics},
  pages     = {271--278},
}

@PhdThesis{shriberg:94,
  author =	 {Elizabeth Shriberg},
  title =	 {Preliminaries to a Theory of Speech Disfluencies},
  school =	 {University of California, Berkeley},
  year =	 1994
}

@Article{Abney91,
  author =	 "Abney, Stephen and Johnson, Mark",
  title =	 "Memory requirements and local ambiguities of parsing
                  strategies",
  journal =	 "Journal of Psycholinguistic Research",
  year =	 1991,
  volume =	 20,
  number =	 3,
  pages =	 "233-250"
}

BibTeX | BibTeX (beta) | EndNote | ACM Ref
@inproceedings{manning:11,
 author = {Manning, Christopher D.},
 title = {Part-of-speech tagging from 97% to 100%: is it time for some linguistics?},
 booktitle = {Proceedings of the 12th international conference on Computational linguistics and intelligent text processing - Volume Part I},
 series = {CICLing'11},
 year = {2011},
 location = {Tokyo, Japan},
 pages = {171--189},
 numpages = {19},
 publisher = {Springer-Verlag},
 address = {Berlin, Heidelberg},
} 

@InProceedings{sagae:08,
  author    = {Sagae, Kenji  and  Tsujii, Jun'ichi},
  title     = {Shift-Reduce Dependency {DAG} Parsing},
  booktitle = {Proceedings of the 22nd International Conference on Computational Linguistics (Coling 2008)},
  month     = {August},
  year      = {2008},
  address   = {Manchester, UK},
  publisher = {Coling 2008 Organizing Committee},
  pages     = {753--760},
}

@InProceedings{honnibal:13,
  author    = {Honnibal, Matthew  and  Goldberg, Yoav  and  Johnson, Mark},
  title     = {A Non-Monotonic Arc-Eager Transition System for Dependency Parsing},
  booktitle = {Proceedings of the Seventeenth Conference on Computational Natural Language Learning},
  month     = {August},
  year      = {2013},
  address   = {Sofia, Bulgaria},
  publisher = {Association for Computational Linguistics},
  pages     = {163--172},
}


@InProceedings{zettlemoyer:07,
  author    = {Zettlemoyer, Luke  and  Collins, Michael},
  title     = {Online Learning of Relaxed {CCG} Grammars for Parsing to Logical Form},
  booktitle = {Proceedings of the 2007 Joint Conference on Empirical Methods in Natural Language Processing and Computational Natural Language Learning (EMNLP-CoNLL)},
  month     = {June},
  year      = {2007},
  address   = {Prague, Czech Republic},
  publisher = {Association for Computational Linguistics},
  pages     = {678--687},
}

@Article{marcus:93,
  author =	 "Michell P. Marcus and Beatrice Santorini and Mary
                  Ann Marcinkiewicz",
  title =	 "Building a Large Annotated Corpus of {E}nglish: The
                  {P}enn {T}reebank",
  journal =	 "Computational Linguistics",
  year =	 1993,
  volume =	 19,
  number =	 2,
  pages =	 "313-330"
}

@book{Steedman00b,
  year =	 2000,
  author =	 "Steedman, Mark",
  title =	 "The Syntactic Process",
  publisher =	 "MIT Press",
  address =	 "Cambridge, MA",
}


@article{FrazierRayner1982,
  author = {Frazier, Lyn and Rayner, Keith},
  journal = {Cognitive Psychology},
  number = 2,
  pages = {178--210},
  title = {{Making and correcting errors during sentence comprehension: Eye movements in the analysis of structurally ambiguous sentences}},
  volume = 14,
  year = 1982
}

@inproceedings{jones:03,
  author = {Jones, Douglas A. and Wolf, Florian and Gibson, Edward and Williams, Elliott and Fedorenko, Evelina and Reynolds, Douglas A. and Zissman, Marc A.},
  booktitle = {INTERSPEECH},
  publisher = {ISCA},
  title = {Measuring the readability of automatic speech-to-text transcripts.},
  year = 2003
}

@article{zhang:cl11,
  author = {Yue Zhang and Clark, Stephen},
  journal = {Computational Linguistics},
  number = 1,
  pages = {105-151},
  title = {Syntactic Processing Using the Generalized Perceptron and Beam Search.},
  volume = 37,
  year = 2011
}

@InProceedings{zwarts:10,
  author =	 {Zwarts, Simon and Johnson, Mark and Dale, Robert},
  title =	 {Detecting Speech Repairs Incrementally Using a Noisy
                  Channel Approach},
  booktitle =	 {Proceedings of the 23rd International Conference on
                  Computational Linguistics (Coling 2010)},
  month =	 {August},
  year =	 2010,
  address =	 {Beijing, China},
  publisher =	 {Coling 2010 Organizing Committee},
  pages =	 {1371--1378},
}

@InProceedings{zwarts:11,
  author =	 {Zwarts, Simon and Johnson, Mark},
  title =	 {The impact of language models and loss functions on
                  repair disfluency detection},
  booktitle =	 {Proceedings of the 49th Annual Meeting of the
                  Association for Computational Linguistics: Human
                  Language Technologies},
  month =	 {June},
  year =	 2011,
  address =	 {Portland, Oregon, USA},
  publisher =	 {Association for Computational Linguistics},
  pages =	 {703--711},
}

@InProceedings{collins:02,
  author =	 {Michael Collins},
  title =	 {Discriminative Training Methods for Hidden {M}arkov
                  Models: Theory and Experiments with Perceptron
                  Algorithms},
  booktitle =	 {Proceedings of the 2002 Conference on Empirical
                  Methods in Natural Language Processing},
  year =	 2002,
  publisher =	 {Association for Computational Linguistics},
  pages =	 {1-8}
}


@InProceedings{Johnson04a,
  author =	 {Mark Johnson and Eugene Charniak},
  title =	 {A {TAG}-based noisy channel model of speech repairs},
  booktitle =	 {Proceedings of the 42nd Annual Meeting of the
                  Association for Computational Linguistics},
  pages =	 {33-39},
  year =	 2004
}

@InProceedings{Johnson04b,
  author =	 {Mark Johnson and Eugene Charniak and Matthew Lease},
  title =	 {An Improved Model for Recognizing Disfluencies in
                  Conversational Speech},
  booktitle =	 {Rich Transcription 2004 Fall workshop (RT-04F)},
  year =	 2004,
  address =	 {Palisades, NY}
}

@InProceedings{qian:13,
  author    = {Qian, Xian  and  Liu, Yang},
  title     = {Disfluency Detection Using Multi-step Stacked Learning},
  booktitle = {Proceedings of the 2013 Conference of the North American Chapter of the Association for Computational Linguistics: Human Language Technologies},
  month     = {June},
  year      = {2013},
  address   = {Atlanta, Georgia},
  publisher = {Association for Computational Linguistics},
  pages     = {820--825},
}

@InProceedings{Charniak00a,
  author =	 {Eugene Charniak},
  title =	 {A Maximum-Entropy-Inspired Parser},
  booktitle =	 {The Proceedings of the North American Chapter of the
                  Association for Computational Linguistics},
  pages =	 {132-139},
  year =	 2000
}

@InProceedings{Charniak01a,
  author =	 {Eugene Charniak and Mark Johnson},
  title =	 {Edit detection and parsing for transcribed speech},
  booktitle =	 {Proceedings of the 2nd Meeting of the North American
                  Chapter of the Association for Computational
                  Linguistics},
  pages =	 {118-126},
  year =	 2001,
  publisher =	 {The Association for Computational Linguistics}
}

@InProceedings{Charniak01b,
  author =	 {Eugene Charniak},
  title =	 {Immediate-Head Parsing for Language Models},
  booktitle =	 {Proceedings of 39th Annual Meeting of the
                  Association for Computational Linguistics},
  year =	 2001,
  address =	 {Toulouse, France},
  publisher =	 {Association for Computational Linguistics},
  pages =	 {124-131}
}

@InProceedings{Charniak01c,
  author =	 "Eugene Charniak",
  title =	 "Unsupervised learning of name structure from
                  coreference data",
  booktitle =	 {Proceedings of the 2nd Meeting of the North American
                  Chapter of the Association for Computational
                  Linguistics},
  year =	 2001,
  publisher =	 {The Association for Computational Linguistics}
}

@InProceedings{Charniak03a,
  author =	 {Eugene Charniak and Kevin Knight and Kenji Yamada},
  title =	 {Syntax-based Language Models for Statistical Machine
                  Translation},
  booktitle =	 {Machine Translation Summit},
  year =	 2003,
  publisher =	 {International Association for Machine Translation}
}

@InProceedings{Charniak05a,
  author =	 {Charniak, Eugene and Johnson, Mark},
  title =	 {Coarse-to-fine $n$-best parsing and {M}ax{E}nt
                  discriminative reranking},
  booktitle =	 {Proceedings of the 43rd Annual Meeting of the
                  Association for Computational Linguistics},
  month =	 {June},
  year =	 2005,
  address =	 {Ann Arbor, Michigan},
  publisher =	 {Association for Computational Linguistics},
  pages =	 {173-180}
}

@InProceedings{Charniak06a,
  author =	 {Charniak, Eugene and Johnson, Mark and Elsner, Micha
                  and Austerweil, Joseph and Ellis, David and Haxton,
                  Isaac and Hill, Catherine and Shrivaths, R. and
                  Moore, Jeremy and Pozar, Michael and Vu, Theresa},
  title =	 {Multilevel Coarse-to-Fine {PCFG} Parsing},
  booktitle =	 {Proceedings of the Human Language Technology
                  Conference of the NAACL, Main Conference},
  month =	 {June},
  year =	 2006,
  address =	 {New York City, USA},
  publisher =	 {Association for Computational Linguistics},
  pages =	 {168-175}
}

@InProceedings{Charniak09a,
  author =	 {Charniak, Eugene and Elsner, Micha},
  title =	 {{EM} Works for Pronoun Anaphora Resolution},
  booktitle =	 {Proceedings of the 12th Conference of the European
                  Chapter of the ACL (EACL 2009)},
  month =	 {March},
  year =	 2009,
  address =	 {Athens, Greece},
  publisher =	 {Association for Computational Linguistics},
  pages =	 {148-156},
}

@Book{Charniak93,
  author =	 {Eugene Charniak},
  title =	 {Statistical Language Learning},
  publisher =	 "The MIT Press",
  year =	 1993,
  address =	 {Cambridge, Massachusetts}
}

@InProceedings{Charniak94,
  author =	 {Eugene Charniak and Glenn Carroll},
  title =	 {Context-Sensitive Statistics for Improved
                  Grammatical Language Models},
  booktitle =	 {Proceedings of AAAI '94},
  year =	 1994,
  pages =	 {728-733}
}

@InProceedings{Charniak96,
  author =	 {Eugene Charniak},
  title =	 {Tree-bank Grammars},
  booktitle =	 {Proceedings of the Thirteenth National Conference on
                  Artificial Intelligence},
  year =	 1996,
  publisher =	 {AAAI Press/MIT Press},
  address =	 {Menlo Park},
  pages =	 {1031-1036}
}

@InProceedings{Charniak97,
  author =	 {Eugene Charniak},
  title =	 {Statistical Parsing with a Context-Free Grammar and
                  Word Statistics},
  booktitle =	 {Proceedings of the Fourteenth National Conference on
                  Artificial Intelligence},
  year =	 1997,
  publisher =	 {AAAI Press/MIT Press},
  address =	 {Menlo Park},
}

@InProceedings{Charniak98a,
  author =	 {Eugene Charniak and Sharon Goldwater and Mark
                  Johnson},
  title =	 {Edge-based Best-First Chart Parsing},
  booktitle =	 {Proceedings of the Sixth Workshop on Very Large
                  Corpora},
  year =	 1998,
  publisher =	 {Morgan Kaufmann},
  pages =	 {127-133}
}

@InProceedings{zhang:13,
  author    = {Zhang, Dongdong  and  Wu, Shuangzhi  and  Yang, Nan  and  Li, Mu},
  title     = {Punctuation Prediction with Transition-based Parsing},
  booktitle = {Proceedings of the 51st Annual Meeting of the Association for Computational Linguistics (Volume 1: Long Papers)},
  month     = {August},
  year      = {2013},
  address   = {Sofia, Bulgaria},
  publisher = {Association for Computational Linguistics},
  pages     = {752--760},
  url       = {http://www.aclweb.org/anthology/P13-1074}
}

@InProceedings{zhang:12,
  author    = {Zhang, Yue  and  Nivre, Joakim},
  title     = {Analyzing the Effect of Global Learning and Beam-Search on Transition-Based Dependency Parsing},
  booktitle = {Proceedings of COLING 2012: Posters},
  month     = {December},
  year      = {2012},
  address   = {Mumbai, India},
  publisher = {The COLING 2012 Organizing Committee},
  pages     = {1391--1400},
  url       = {http://www.aclweb.org/anthology/C12-2136}
}



@STRING{CL                = {Computational Linguistics}}
@STRING{LREC-06 = {Proceedings of the 5th International Conference on Language Resources and Evaluation ({LREC})}}
@STRING{ACL-10 = {Proceedings of the 48th Annual Meeting of the Association for Computational Linguistics ({ACL})}}
@STRING{ACL-08 = {Proceedings of the 46th Annual Meeting of the Association
for Computational Linguistics ({ACL})}}
@STRING{EMNLP = {Proceedings of the Conference on Empirical Methods
in Natural Language Processing ({EMNLP})}}
@STRING{IWPT-05 = {Proceedings of the 9th International Workshop on Parsing Technologies ({IWPT})}}
@STRING{NAACL-10 = {Human Language Technologies: The 2010 Annual Conference of the North American Chapter of the Association for Computational Linguistics (NAACL HLT)}}

@INPROCEEDINGS{nivre:03,
    author = {Joakim Nivre},
    title = {An Efficient Algorithm for Projective Dependency Parsing},
    booktitle = {Proceedings of the 8th International Workshop on Parsing Technologies ({IWPT})},
    year = {2003},
    pages = {149--160}
}


@inproceedings{nivre:04,
  author    = {Nivre, Joakim  and  Hall, Johan  and  Nilsson, Jens},
  title     = {Memory-Based Dependency Parsing},
  booktitle = {HLT-NAACL 2004 Workshop: Eighth Conference on Computational Natural Language Learning (CoNLL-2004) },
  editor = {Hwee Tou Ng and Ellen Riloff},
  year      = 2004,
  month     = {May 6 - May 7},
  address   = {Boston, Massachusetts, USA},
  publisher = {Association for Computational Linguistics},
  pages     = {49--56}
}

@InProceedings{zhang:08,
  author    = {Zhang, Yue  and  Clark, Stephen},
  title     = {A Tale of Two Parsers: {I}nvestigating and Combining Graph-based and Transition-based Dependency Parsing},
  booktitle = {Proceedings of the 2008 Conference on Empirical Methods in Natural Language Processing},
  month     = {October},
  year      = {2008},
  address   = {Honolulu, Hawaii},
  publisher = {Association for Computational Linguistics},
  pages     = {562--571},
}

@InProceedings{zhang:11,
  author    = {Zhang, Yue  and  Nivre, Joakim},
  title     = {Transition-based Dependency Parsing with Rich Non-local Features},
  booktitle = {Proceedings of the 49th Annual Meeting of the Association for Computational Linguistics: Human Language Technologies},
  month     = {June},
  year      = {2011},
  address   = {Portland, Oregon, USA},
  publisher = {Association for Computational Linguistics},
  pages     = {188--193},
}

@InProceedings{goldberg:12,
  author    = {Goldberg, Yoav  and  Nivre, Joakim},
  title     = {A Dynamic Oracle for Arc-Eager Dependency Parsing},
  booktitle = {Proceedings of the 24th International Conference on Computational Linguistics (Coling 2012)},
  month     = {December},
  year      = {2012},
  address   = {Mumbai, India},
  publisher = {Association for Computational Linguistics},
}


@article{zhang_pos:11,
  author    = {Yue Zhang and
               Stephen Clark},
  title     = {Syntactic Processing Using the Generalized Perceptron and
               Beam Search},
  journal   = {Computational Linguistics},
  volume    = {37},
  number    = {1},
  year      = {2011},
  pages     = {105-151},
  bibsource = {DBLP, http://dblp.uni-trier.de}
}and 

@article { nivre:squib,
	title = {Going to the Roots of Dependency Parsing},
	journal = {Computational Linguistics. 39:1},
	year = {2013},
	author = {Miguel Ballesteros and Joakim Nivre}
}

@article{marcus:94,
author = {Marcus, Mitchell P. and Santorini, Beatrice and Marcinkiewicz, Mary Ann},
year = {1993},
title = {Building a Large Annotated Corpus of {E}nglish: The {P}enn {T}reebank},
journal = CL,
volume = {19},
pages = {313--330}
} 

@article{nivre:cl,
author = {Nivre, Joakim},
title = {Algorithms for Deterministic Incremental Dependency Parsing},
year = {2008},
journal = CL,
volume = {34},
issue = {4}, 
pages = {513--553}
}

@inproceedings{stanford_deps,
author = {de Marneffe, Marie-Catherine and MacCartney, Bill and Manning, Christopher D.},
year = {2006},
title = {Generating Typed Dependency Parses from Phrase Structure Parses},
booktitle = LREC-06}
}

@InProceedings{koo:10,
  author    = {Koo, Terry  and  Collins, Michael},
  title     = {Efficient Third-Order Dependency Parsers},
  booktitle = ACL-10,
  year      = {2010},
  pages     = {1--11}
}

@inproceedings{torresmartins:08:stacking,
  author    = {Martins, Andr\'{e} Filipe  and  Das, Dipanjan  and  Smith, Noah A.  and  Xing, Eric P.},
  title     = {Stacking Dependency Parsers},
  booktitle = EMNLP,
  year      = {2008},
  pages     = {157--166}
}

@inproceedings{nivre-mcdonald-stacking,
author = {Nivre, Joakim and McDonald, Ryan},
year = {2008},
title = {Integrating Graph-Based and Transition-Based Dependency Parsers},
booktitle = ACL-08,
pages = {950--958}
}

@inproceedings{hall05iwpt,
author = {Hall, Keith and Nov{\'{a}}k, Vaclav},
year = {2005},
title = {Corrective modeling for non-projective dependency parsing},
booktitle = IWPT-05,
pages = {42--52}
}

@inproceedings{goldberg10,
  author    = {Goldberg, Yoav  and  Elhadad, Michael},
  title     = {An Efficient Algorithm for Easy-First Non-Directional Dependency Parsing},
  booktitle = NAACL-10,
  year      = {2010},
  pages     = {742--750}
}

@InProceedings{huang:10,
  author    = {Huang, Liang  and  Sagae, Kenji},
  title     = {Dynamic Programming for Linear-Time Incremental Parsing},
  booktitle = ACL-10,
  year      = {2010},
  pages     = {1077--1086}
}

@InProceedings{huang:12,
  author    = {Huang, Liang  and  Fayong, Suphan  and  Guo, Yang},
  title     = {Structured Perceptron with Inexact Search},
  booktitle = {Proceedings of the 2012 Conference of the North American Chapter of the Association for Computational Linguistics: Human Language Technologies},
  month     = {June},
  year      = {2012},
  address   = {Montr\'{e}al, Canada},
  publisher = {Association for Computational Linguistics},
  pages     = {142--151},
}

@InProceedings{zhang:13,
  author    = {Zhang, Meishan  and  Zhang, Yue  and  Che, Wanxiang  and  Liu, Ting},
  title     = {Chinese Parsing Exploiting Characters},
  booktitle = {Proceedings of the 51st Annual Meeting of the Association for Computational Linguistics (Volume 1: Long Papers)},
  month     = {August},
  year      = {2013},
  address   = {Sofia, Bulgaria},
  publisher = {Association for Computational Linguistics},
  pages     = {125--134},
}

@InProceedings{hollingshead:07,
  author    = {Hollingshead, Kristy  and  Roark, Brian},
  title     = {Pipeline Iteration},
  booktitle = {Proceedings of the 45th Annual Meeting of the Association of Computational Linguistics},
  month     = {June},
  year      = {2007},
  address   = {Prague, Czech Republic},
  publisher = {Association for Computational Linguistics},
  pages     = {952--959},
}

@InProceedings{sparseval,
  author =	 {B. Roark and M. P. Harper and E. Charniak and
                  B. Dorr and M. Johnson and J. Kahn and Y. Liu and
                  M. Ostendorf and J. Hale and A. Krasnyanskaya and
                  M. Lease and I. Shafran and M. Snover and R. Stewart
                  and L.Yung},
  title =	 {SParseval: Evaluation Metrics for Parsing Speech},
  booktitle =	 {Proceedings of Language Resource and Evaluation
                  Conference},
  pages =	 {333-338},
  year =	 2006,
  address =	 {Genoa, Italy},
  publisher =	 {European Language Resources Association (ELRA)}
}


@inproceedings{kuhlmann:11,
 author = {Kuhlmann, Marco and G\'{o}mez-Rodr\'{\i}guez, Carlos and Satta, Giorgio},
 title = {Dynamic programming algorithms for transition-based dependency parsers},
 booktitle = {Proceedings of the 49th Annual Meeting of the Association for Computational Linguistics: Human Language Technologies - Volume 1},
 series = {HLT '11},
 year = {2011},
 isbn = {978-1-932432-87-9},
 location = {Portland, Oregon},
 pages = {673--682},
 numpages = {10},
 acmid = {2002558},
 publisher = {Association for Computational Linguistics},
 address = {Stroudsburg, PA, USA},
} 
@InProceedings{attardi:07,
  author    = {Attardi, Giuseppe  and  Ciaramita, Massimiliano},
  title     = {Tree Revision Learning for Dependency Parsing},
  booktitle = {Human Language Technologies 2007: The Conference of the North American Chapter of the Association for Computational Linguistics; Proceedings of the Main Conference},
  month     = {April},
  year      = {2007},
  address   = {Rochester, New York},
  publisher = {Association for Computational Linguistics},
  pages     = {388--395},
}

@InProceedings{vadas:07,
  author    = {Vadas, David  and  Curran, James},
  title     = {Adding Noun Phrase Structure to the Penn Treebank},
  booktitle = {Proceedings of the 45th Annual Meeting of the Association of Computational Linguistics},
  month     = {June},
  year      = {2007},
  address   = {Prague, Czech Republic},
  publisher = {Association for Computational Linguistics},
  pages     = {240--247},
}

@InProceedings{inokuchi:12,
  author    = {Inokuchi, Akihiro  and  Yamaoka, Ayumu},
  title     = {Mining Rules for Rewriting States in a Transition-based Dependency Parser for {E}nglish},
  booktitle = {Proceedings of COLING 2012},
  month     = {December},
  year      = {2012},
  address   = {Mumbai, India},
  publisher = {The COLING 2012 Organizing Committee},
  pages     = {1275--1290},
}

@InProceedings{hale:06,
  author =	 {Hale, John and Shafran, Izhak and Yung, Lisa and
                  Dorr, Bonnie J.  and Harper, Mary and Krasnyanskaya,
                  Anna and Lease, Matthew and Liu, Yang and Roark,
                  Brian and Snover, Matthew and Stewart, Robin},
  title =	 {PCFGs with Syntactic and Prosodic Indicators of
                  Speech Repairs},
  booktitle =	 {Proceedings of the 21st International Conference on
                  Computational Linguistics and 44th Annual Meeting of
                  the Association for Computational Linguistics},
  month =	 {July},
  year =	 2006,
  address =	 {Sydney, Australia},
  publisher =	 {Association for Computational Linguistics},
  pages =	 {161-168},
}

@InProceedings{nivre:09,
  author    = {Nivre, Joakim},
  title     = {Non-Projective Dependency Parsing in Expected Linear Time},
  booktitle = {Proceedings of the Joint Conference of the 47th Annual Meeting
               of the ACL and the 4th International Joint Conference on Natural
               Language Processing of the AFNLP},
  month     = {August},
  year      = {2009},
  address   = {Suntec, Singapore},
  publisher = {Association for Computational Linguistics},
  pages     = {351--359},
}

@InProceedings{turian:10,
  author    = {Turian, Joseph  and  Ratinov, Lev-Arie  and  Bengio, Yoshua},
  title     = {Word Representations: A Simple and General Method for Semi-Supervised Learning},
  booktitle = {Proceedings of the 48th Annual Meeting of the Association for Computational Linguistics},
  month     = {July},
  year      = {2010},
  address   = {Uppsala, Sweden},
  publisher = {Association for Computational Linguistics},
  pages     = {384--394},
}

@ARTICLE{brown:92,
    author = {Peter F. Brown and Peter V. deSouza and Robert L. Mercer and Vincent J. Della Pietra and Jenifer C. Lai},
    title = {Class-Based n-gram Models of Natural Language},
    journal = {Computational Linguistics},
    year = {1992},
    volume = {18},
    pages = {467--479}
}

@phdthesis{liang:05,
    author = {Percy Liang},
    title = {Semi-supervised learning for natural language},
    school = {MIT},
    year = {2005},
}


@InProceedings{shriberg:98,
  author =	 {Elizabeth Shriberg and Andreas Stolcke},
  title =	 {How far do speakers back up in repairs? A
                  quantitative model},
  booktitle =	 {Proceedings of the International Conference on
                  Spoken Language Processing},
  pages =	 {2183-2186},
  year =	 1998,
  volume =	 5,
  address =	 {Sydney, Australia}
}



@InProceedings{cohen:11,
  author    = {Cohen, Shay B.  and  G\'{o}mez-Rodr\'{i}guez, Carlos  and  Satta, Giorgio},
  title     = {Exact Inference for Generative Probabilistic Non-Projective Dependency Parsing},
  booktitle = {Proceedings of the 2011 Conference on Empirical Methods in Natural Language Processing},
  month     = {July},
  year      = {2011},
  address   = {Edinburgh, Scotland, UK.},
  publisher = {Association for Computational Linguistics},
  pages     = {1234--1245},
}

@InProceedings{sartorio:13,
  author    = {Sartorio, Francesco  and  Satta, Giorgio  and  Nivre, Joakim},
  title     = {A Transition-Based Dependency Parser Using a Dynamic Parsing Strategy},
  booktitle = {Proceedings of the 51st Annual Meeting of the Association for Computational Linguistics (Volume 1: Long Papers)},
  month     = {August},
  year      = {2013},
  address   = {Sofia, Bulgaria},
  publisher = {Association for Computational Linguistics},
  pages     = {135--144},
}

